1982 2557
152 349 532 433 Haeohactenus,
589 372 849 428 Progredior
887 376 951 418 ad'
979 381 1084 421 r'em·
1102 381 1262 437 ipsam,
1320 381 1442 432 cujus
1480 392 1605 421 causa
1631 379 1761 422 hasce·
1786 393 1873 436 pao·

110 478 113 481 .
151 445 285 498 gellas
314 445 560 498 conscripsi.

261 519 368 560 Vota
403 518 567 559 faciens
605 509 903 559 ard‘entis'shna
939 531 1020 572 pro
1056 520 1192 559 salute
1219 518 1365 572 Magni
1391 518 1524 560 Ducis
1556 517 1704 559 nostri
1717 518 1865 571 regii,-

149 584 424 634 LUDOVICI,
454 587 795 636 clementissimi,
824 586 987 644 patriae
1004 588 1150 638 Patris,
1177 589 1271 640 Cui,
1299 591 1530 631 mitissimo
1551 587 1850 635 instauratori,

120 660 358 719 “maximas
398 652 561 701 d'ebent
603 662 758 714 gratias
793 674 944 710 musae
982 661 1307 715 Baldingensesr
1344 661 1486 711 Quem
1523 661 1692 700 salvum
1720 659 1851 699 faciat

113 723 116 726 ⁵
149 743 404 784 supremum
431 744 598 772 numen
627 746 728 773 cum
754 741 844 774 tota
871 732 1007 787 Ipsius
1034 734 1153 787 regia
1175 733 1343 774 Domo:
1372 740 1472 772 vota
1498 743 1591 785 pro⁴
1608 729 1744 769 salute
1768 726 1849 768 Vi-

137 795 364 851 rorum,
396 803 510 852 Quos
541 817 721 846 summa*
739 803 972 850 nobilitas,
991 803 1230 855 integritas,
1261 803 1446 852 justitia,
1476 800 1671 840 doctrina
1700 804 1847 843 ornat,

148 872 432 928 Quorumque
459 873 641 914 consilio
670 872 726 913 ad
754 871 921 912 civium
948 871 1132 911 salutem
1159 871 1506 926 promovendam
1533 870 1737 925 Princeps
1764 868 1848 908 uti·

132 938 237 984 tur:
268 943 550 983 vota-faciens
574 956 655 995 pro
685 940 926 982 Comitis
954 938 1091 997 nostri
1111 945 1358 991 celsissimi,
1389 956 1566 983 morum
1584 942 1780 982 candori-t
1809 950 1855 980 et

141 1011 486 1054 mansuetudinis
515 1010 645 1051 laude
675 1008 846 1050 summa
876 1007 1091 1060 florentis,
1137 1010 1391 1067 Domuscsue
1423 1010 1628 1061 Ejusdem
1657 1010 1849 1064 inclytae

140 1082 464 1121 incolumitate:
496 1087 597 1118 vota
624 1066 999 1133 pro-Virorum
1027 1084 1183 1132 salute,
1218 1083 1353 1131 Quos,
1385 1082 1614 1135 sapientia,
1646 1081 1845 1119 himiani-

140 1159 251 1198 tate,
291 1148 505 1190 industria
541 1148 757 1201 singulari
787 1156 836 1189 et¹
860 1148 1107 1190 eruditione·
1142 1151 1280 1192 solida
1319 1152 1572 1206 conspicuos
1585 1182 1596 1200 ‚
1646 1152 1855 1193 omnium·

126 1207 265 1267 'hujus
293 1218 558 1270 provinciae*
574 1217 820 1256 scholamm
835 1247 846 1265 ‚
895 1227 960 1266 et,
991 1233 1079 1259 una
1109 1235 1209 1260 omn
1235 1222 1684 1268 Dn-eetoressssmnme
1712 1235 1842 1260 vene-

134 1288 285 1337 rabili,
324 1287 606 1328 meritissimo
619 1318 629 1335 ,
681 1293 851 1327 nostrae
890 1301 1064 1344 quoque
1077 1321 1088 1339 ,
1138 1291 1267 1331 saluti
1294 1291 1539 1345 prospicere
1553 1322 1578 1339 „
1595 1300 1714 1345 grato
1748 1294 1854 1346 pio--

135 1373 221 1414 que
265 1360 426 1399 animo·
460 1357 671 1397 sentimus
682 1379 743 1386 -—
762 1353 1026 1415 Gymnasiis
1060 1359 1136 1397 hic
1173 1358 1365 1398 florentis
1380 1390 1390 1408 ,
1444 1362 1655 1400 solemnia
1691 1376 1840 1409 verna,

133 1433 207 1475 dd.
234 1432 377 1475 XXIV.
408 1431 530 1473 XXV.
551 1440 593 1471 et
610 1430 750 1472 XXVI.
783 1426 925 1467 Martii
950 1426 1127 1482 publice
1158 1427 1439 1479 celebranda,
1461 1429 1746 1473 ⁷obsexvantia
1773 1446 1836 1482 ea,

133 1520 217 1563 qua
243 1519 335 1560 par·
351 1512 438 1551 est,
478 1510 520 1542 et
547 1501 707 1555 pietate
734 1499 912 1541 indico„

244 1628 451 1671 Examini'·
469 1627 776 1680 igitur·nostro
804 1632 854 1663 ut
881 1623 1029 1664 adesse
1057 1624 1171 1664 velit-
1194 1622 1348 1665 Comes
1378 1624 1671 1675 Celsissimus‚
1703 1625 1850 1678 Cujus

131 1704 227 1753 jam-
250 1701 418 1754 saepius
449 1697 729 1738 clementiam
758 1704 875 1748 grata
913 1704 1059 1736 mente
1089 1695 1393 1748 cognovimus,
1433 1703 1483 1734 ut
1517 1695 1666 1735 adesse
1697 1697 1846 1736 velint>

114 1762 287 1809 *omnes
317 1769 544 1809 literarum
584 1767 776 1807 fautores
817 1764 1108 1819 cultoresque,
1149 1776 1408 1818 quocunque
1437 1773 1509 1804 aut
1536 1766 1729 1817 generis,
1760 1774 1837 1806 aut

132 1839 372 1892 dignitatis,
414 1848 488 1879 aut
516 1839 703 1887 ordinis,
749 1845 830 1877 aut·
855 1837 1050 1877 muneris
1081 1851 1130 1876 ac
1157 1833 1415 1877 meritorum
1443 1838 1673 1891 splendore
1702 1839 1833 1893 insig-

128 1926 205 1955 nes
220 1943 230 1962 ‚
270 1924 442 1952 stmune
478 1910 770 1962 venerabiles,
823 1913 1012 1954 illustres
1027 1944 1037 1963 ,
1090 1913 1419 1962 consultissimi,
1456 1914 1841 1969 experientissimi,

128 1982 505 2031 excellentissimi,
548 1968 761 2036 quotquot
801 1982 915 2023 bene
953 1981 1202 2035 Gymnasiot
1216 1984 1396 2038 cupiunt
1434 1993 1477 2027 et
1511 1984 1636 2028 honis
1664 1988 1826 2030 artibus

96 2046 101 2050 ”
124 2040 298 2101 favsent,
329 2064 400 2101 ea,
431 2064 516 2107 qua
545 2050 689 2101 decet,
718 2053 882 2108 pietate
906 2064 983 2093 oro
1011 2064 1216 2106 rogorpue.v
