1982 2557
789 129 899 142 .-....
946 109 1005 152 21
1063 130 1172 142 ...-

122 202 357 252 finxerant,
397 200 595 242 versibus
632 200 721 241 suis
758 201 1098 244 mordacissimis
1127 216 1201 243 eos
1233 202 1342 243 adeo
1372 202 1618 257 castigavit,
1645 209 1709 251 ut,
1723 212 1824 241 cum

125 281 274 322 amicis
287 308 298 326 ,
340 284 438 317 tum
481 273 676 315 hostibus
715 274 960 316 terribilem
996 288 1042 315 se
1084 272 1426 323 1-eddidisset4).'
1454 275 1504 316 In
1541 271 1826 328 proverbium

123 348 258 399 igitur
293 343 400 384 abiit
436 342 575 383 libera
614 344 704 391 ejus
743 342 925 384 dicendi
955 344 1066 384 ratio
1110 344 1410 399 (praeconium
1447 343 1824 398 Hipponacteum).

122 418 274 461 strabo
287 450 298 469 ,
342 418 561 472 Diogenes
589 418 782 459 Laertius
795 449 811 468 ,Α
836 408 1090 469 Plutarchus
1106 449 1117 468 ,
1138 417 1311 473 ‚aliique
1338 416 1584 469 fragmenta
1610 415 1824 456 nonnulla

122 493 370 535 carminum
399 494 489 544 ejus
520 499 757 533 servanmt.

779 645 783 649 .
906 599 938 642 Β.
995 591 1042 638 9ss
1272 655 1275 658 Α

625 685 659 727 A
715 700 739 726 e
797 701 815 728 s
873 702 896 728 c
951 686 982 729 h
1037 703 1070 743 y
1124 689 1141 729 I
1195 701 1230 729 u
1284 703 1313 729 s.

232 754 437 810 Tragicae
476 770 707 799 camoenae
748 771 901 812 genus,
949 759 1090 815 quod,
1138 773 1241 800 cum
1276 761 1474 812 ignotum
1510 757 1665 798 adhuc
1683 763 1815 803 esset,

123 824 351 882 Thespis1)
379 829 598 870 invenisse
628 830 810 881 dicitur,
849 832 902 872 ab
931 832 1189 885 Aeschylo2)
1220 830 1457 885 perfectius
1489 827 1713 868 redditum
1743 833 1819 866 est.

229 899 369 942 Patria
402 902 490 943 fuit
516 903 680 944 Eleusis
696 936 708 954 ,
757 905 921 946 Atticae
957 902 1081 950 urbs,
1138 901 1217 941 uhi
1245 902 1323 941 525
1355 914 1394 939 a.
1422 897 1521 939 Chr.
1549 894 1820 951 Euphorioni

110 966 228 1021 vpatri
252 978 375 1011 natus
414 981 489 1012 est.
555 973 742 1027 Ingenio
766 974 897 1014 alacri
923 972 1144 1027 praeditus
1172 984 1262 1011 non
1290 975 1419 1024 poe'ta
1449 968 1617 1013 solum,
1667 962 1745 1003 sed
1776 969 1819 1001 et

115 1041 243 1081 miles
273 1044 500 1092 excelluit,
539 1052 583 1084 et
608 1047 657 1085 in
684 1043 866 1099 pugnis,
902 1058 1005 1098 quas
1034 1043 1092 1083 ad
1114 1041 1385 1090 Marathona,
1430 1039 1622 1081 Salamin
1651 1044 1694 1076 et
1724 1034 1817 1076 Pla-

111 1118 228 1157 taeas
257 1111 412 1152 Graeci
440 1109 775 1162 commiserunt,
817 1115 1002 1167 gloriam
1031 1113 1117 1154 sibi
1143 1113 1331 1151 multam
1359 1110 1538 1165 paravit.
1597 1108 1817 1160 vigesimo

115 1183 270 1238 quinto
301 1185 448 1224 aetatis
486 1198 601 1225 anno
625 1186 822 1239 primum
850 1191 1072 1224 certamen
1101 1185 1327 1238 poeticum
1356 1183 1456 1224 iniit
1484 1191 1527 1222 et
1552 1190 1701 1237 postea
1729 1193 1816 1220 sae-

112 1259 208 1313 pius
236 1259 376 1309 victor
404 1272 459 1297 ex
485 1259 546 1297 eis
574 1259 792 1312 processit.
850 1259 1077 1299 Accusatus
1106 1269 1275 1307 autem,
1306 1259 1432 1300 nobis
1459 1260 1519 1298 ita
1548 1258 1735 1306 videtur,
1767 1258 1815 1297 in

114 1328 363 1378 fabularum
399 1340 487 1369 una
523 1330 732 1382 mysteria
768 1330 976 1370 eleusinia
1022 1329 1266 1384 prodidisse
1287 1360 1298 1378 ,
1349 1329 1402 1369 ab
1452 1329 1672 1382 Areopago
1719 1328 1814 1369 fere

112 1399 265 1440 mortis
295 1398 521 1439 damnatus
535 1429 544 1446 ‚
579 1399 738 1438 virtute
767 1407 936 1439 tantum
954 1399 1100 1440 fratris
1117 1400 1329 1454 Amy-niae
1358 1409 1547 1440 servatus
1577 1409 1651 1440 est.
1712 1398 1813 1440 Glo-

112 1471 203 1510 riae
230 1469 533 1524 cupidissimus
561 1469 609 1509 id
632 1469 751 1509 ferre
777 1469 1000 1524 nequivit,
1030 1478 1078 1509 ut
1103 1470 1249 1524 paucis
1268 1477 1368 1523 post
1396 1469 1517 1509 annis
1530 1468 1735 1523 Sophocli
1765 1470 1812 1510 in

113 1544 348 1585 certamine
376 1543 520 1596 palma
548 1543 603 1582 sit
631 1542 786 1582 oblata.
846 1540 1023 1580 Athenis
1042 1540 1175 1592 igitur
1204 1541 1387 1589 relictis,
1410 1539 1564 1581 Gelam
1593 1541 1813 1595 profectus

112 1620 197 1661 est,
228 1612 306 1661 ubi
333 1610 516 1660 Hieron,
545 1624 622 1651 rex
642 1610 823 1658 Siculm,
853 1609 1043 1663 benigne
1073 1622 1176 1651 eum
1207 1613 1399 1667 excepit,
1431 1613 1646 1668 valdeque
1672 1614 1812 1657 hono.

113 1684 236 1726 ravit.
304 1681 393 1721 Hoc
429 1681 626 1735 principe
657 1680 754 1731 <468
785 1694 820 1719 a.
851 1677 969 1730 Chr.)
1001 1689 1175 1721 mortuo
1187 1712 1202 1730 „
1237 1681 1420 1722 Athenas
1450 1685 1631 1737 quidem
1651 1687 1809 1736 rediit,

109 1749 251 1812 neque
270 1768 376 1801 vero
405 1753 483 1792 diu
509 1751 576 1791 iJJi
601 1758 891 1793 conunoratus
917 1759 996 1799 est„
1023 1751 1100 1792 sed
1126 1752 1286 1793 iterum
1306 1752 1499 1796 Siciliam
1527 1760 1665 1812 petiit.
1723 1759 1806 1801 Ge-

110 1828 179 1868 lae
207 1828 289 1870 456
320 1840 357 1867 a.
389 1823 433 1866 C.
463 1831 664 1865 m01tuus·
688 1831 751 1862 est
781 1832 823 1864 et
849 1821 1047 1878 sepultus.
1116 1823 1468 1878 Monumentum,
1519 1838 1567 1869 ut
1604 1830 1694 1885 ipse
1732 1845 1807 1874 vo·

106 1902 271 1948 luerat,
299 1899 576 1952 inscriptum:
615 1897 720 1946 „Hic
744 1899 853 1947 jacet
880 1896 1136 1950 Aeschylus,
1173 1898 1458 1953 Euphorionis
1486 1903 1624 1954 filius,
1663 1908 1710 1947 in
1738 1909 1806 1950 At.

100 1973 197 2014 1tica
230 1980 373 2021 natus,
422 1978 617 2011 mortuus
652 1969 701 2008 in.
737 1968 851 2008 alma
885 1965 1018 2008 Gelae
1054 1976 1180 2011 terra.
1256 1969 1384 2022 Cujus
1422 1973 1573 2017 Persae
1607 1987 1650 2019 et
1685 1979 1809 2035 sylva

110 2042 407 2084 marathonica
431 2043 642 2082 virtutem
678 2053 899 2096 nunquam
933 2040 1196 2094 negabunt.“
1265 2041 1539 2100 Septuaginta
1579 2051 1656 2091 alii
1669 2083 1680 2102 ,
1731 2055 1808 2095 alii

109 2113 341 2166 nonaginta
367 2111 536 2153 fabulas
565 2106 854 2167 composuisse
883 2124 985 2153 eum
1022 2112 1182 2161 dictmt.
1249 2117 1424 2173 Septem
1460 2121 1602 2168 adhuc
1640 2134 1807 2183 nagoe,

159 2256 200 2299 4)
225 2255 355 2287 Horat.
379 2254 497 2298 Epod.
532 2252 591 2293 Vl,
618 2253 678 2299 13
700 2250 834 2284 Cicero
859 2250 905 2284 ad
927 2249 1095 2286 diversos
1119 2252 1195 2296 Vl·,l
1218 2257 1275 2292 24
1307 2256 1361 2291 ld
1389 2256 1528 2292 Omtm
1553 2261 1644 2300 LV]
1727 2266 1804 2305 139·

202 2317 255 2351 Id.
279 2317 406 2350 Natur.
431 2317 550 2349 Deor.
575 2314 632 2356 lll,
655 2316 720 2351 38

295 2381 322 2425 ξ.
345 2380 380 2415 9.
429 2377 469 2422 1)
494 2380 624 2414 Horat.
651 2390 710 2412 ars
733 2378 834 2423 Ροὲι.
861 2388 934 2413 vss.
959 2377 1171 2416 275—277.
1241 2382 1283 2427 2)
1308 2384 1362 2419 [d.
1387 2384 1477 2422 ibid.
1503 2400 1576 2424 vss.
1600 2394 1810 2432 278—280.
