1982 2557
781 63 1174 106 --22-..„.

126 157 230 199 diae
257 167 509 215 supersunt:
550 157 727 214 Septen
755 166 905 199 contra
934 156 1126 206 Thebas,
1155 155 1328 208 Perille,
1361 159 1657 215 Agamemnon
1671 181 1690 211 ,·
1713 161 1842 205 saeta

131 227 345 278 ferentes,
382 230 561 279 Furiae,
603 229 839 284 Supplices.

243 319 528 360 Prometheus
558 319 614 359 oh
642 317 810 358 furtum
835 317 1067 359 Lemnium
1094 332 1278 373 poenas,
1306 319 1363 359 ad
1389 316 1626 366 Caucasum
1654 317 1841 367 adfixus.

130 391 312 444 pendet,
357 392 435 432 sed
461 392 586 431 ferox
611 392 710 431 talis
738 390 840 430 viri·
856 391 1025 430 animus
1059 404 1143 430 nec
1183 391 1365 431 summis
1406 388 1631 430 doloribus
1668 389 1840 442 penitus

132 460 406 514 opprimitur.
463 459 699 500 Audiamus
727 460 888 514 ipsum,

447 539 449 541 ’
577 553 636 561 —
675 552 729 559 —-
767 528 955 583 Aspicite
982 531 1214 583 religatum
1243 533 1403 586 asperis

354 601 650 657 vinctumque
678 599 786 639 saxis
799 629 808 647 ,
846 612 1007 639 navem
1036 609 1083 640 ut
1112 599 1340 642 horrisono
1366 603 1481 643 freto

354 673 536 714 Noctem
564 680 769 728 paventes
798 672 948 713 timidi
977 673 1211 713 adnectunt
1239 680 1412 713 nautae.

354 742 578 784 Saturnius
607 755 680 781 me
709 742 782 780 hic
811 741 959 782 infixit
989 743 1157 797 Jupiter
1184 767 1239 773 -—
1268 766 1323 773 --

347 815 450 859 Jam
478 814 608 855 tertio
637 826 710 853 me
739 826 913 868 quoque
933 813 1107 854 funesto
1137 813 1232 860 die,

356 884 494 925 Tristi
524 883 758 931 advolam,
801 881 980 921 adimcis
1008 884 1201 923 lacerans
1231 882 1473 936 unguibus,

347 956 474 1002 Jovis
504 956 676 994 satelles
703 961 829 1008 pastu
858 952 1041 994 dilaniat
1069 954 1213 1003 fei-0³)
1246 977 1298 983 —
1328 977 1382 983 —

350 1026 403 1067 Et
430 1026 538 1066 haec
567 1033 733 1065 vetusta
761 1023 912 1062 saeclis
942 1024 1180 1075 glomerata
1206 1022 1396 1063 horridis

351 1095 557 1138 Luctifica
590 1094 733 1134 clades
761 1104 910 1136 nostro
941 1095 1070 1136 infixa
1099 1105 1162 1136 est
1192 1097 1386 1150 corporit

352 1170 385 1210 E
415 1182 503 1223 quo
530 1167 719 1221 liquatae
749 1166 851 1205 solis
881 1166 1036 1206 ardore
1067 1167 1274 1209 excidunt

351 1237 534 1282 Guttae,
583 1246 694 1288 quae
723 1247 820 1274 saxa
848 1237 1019 1277 assidue
1043 1238 1256 1279 instillant
1288 1236 1526 1291 Caucasfl).

241 1312 293 1353 In
321 1306 565 1360 tragoedia,
616 1298 799 1358 Septem⁴
818 1316 964 1346 contra
995 1308 1165 1347 Thebas
1193 1322 1358 1348 nomen
1385 1320 1584 1362 gerente,
1616 1313 1723 1354 duos
1752 1314 1839 1356 fra·

122 1397 227 1433 tres,
258 1382 465 1424 Eteoclen
496 1388 538 1418 et
567 1377 827 1431 Polynicen,
865 1390 972 1430 quos
1002 1390 1104 1416 cum
1132 1385 1270 1415 matre
1299 1377 1465 1419 Jocasta
1482 1378 1675 1434 Oedipus
1705 1396 1837 1434 genu.

127 1466 239 1505 erat,
272 1459 482 1494 certantes
510 1434 753 1500 mutuoque
784 1447 975 1495 caesos⁵)
1006 1446 1096 1485 ictu
1123 1445 1339 1487 videmus.
1410 1447 1557 1497 Qualis
1594 1460 1636 1491 et
1672 1452 1720 1492 in
1756 1453 1838 1494 hac

125 1526 349 1580 tragoedia
379 1528 513 1562 exstat
539 1520 760 1567 majestas,
793 1517 932 1570 qualis
963 1515 1120 1556 dictio!
1165 1518 1291 1559 Venit
1321 1522 1519 1570 nuntius,
1549 1524 1716 1565 Eteocli
1742 1529 1838 1580 regi

126 1602 320 1646 hostium
361 1595 600 1636 adventum
636 1601 828 1630 narrans.
895 1586 1020 1627 Sacra
1040 1618 1053 1636 ‚
1107 1587 1273 1642 inquit,
1321 1591 1516 1633 tulerunt
1555 1604 1720 1649 septem
1762 1611 1834 1638 au-

124 1671 356 1716 dacissimi.
413 1663 598 1709 juvenci
627 1662 742 1715 cepit
773 1673 974 1700 cruorem
1006 1661 1184 1714 clypeus
1222 1665 1367 1718 niger,
1407 1677 1449 1707 et
1484 1672 1691 1725 quisque,
1728 1674 1834 1715 huic

125 1741 329 1796 sanguini
358 1739 556 1778 dextram
585 1732 831 1778 immitens,
872 1742 951 1783 per
977 1728 1182 1780 Martem,
1225 1747 1303 1788 per
1331 1735 1575 1789 Bellonam,
1618 1756 1697 1797 per
1730 1744 1831 1788 Ter-

124 1827 273 1856 rorem
299 1808 519 1861 jin·avit⁶).

122 1891 504 1912 .----————-

171 1943 210 1985 3)
240 1938 412 1992 Qualiter
435 1936 473 1969 in
499 1934 672 1980 Scythica
695 1933 875 1979 religatus
902 1945 995 1979 rupe
1018 1936 1265 1974 'Prometheus

307 1998 500 2033 Assiduam
525 1997 638 2030 nimio
662 2004 818 2041 pectore
843 1997 943 2041 pavit
968 2009 1083 2033 avem.
1105 2002 1263 2036 Martial.
1291 2004 1459 2049 Spectac.
1485 2010 1613 2057 Epigr,
1640 2014 1715 2058 Vll,
1745 2018 1776 2051 1·
1798 2019 1830 2053 2

215 2058 431 2096 Visceribus
461 2057 526 2091 ille
559 2057 839 2091 renascentibus
865 2059 1021 2095 nutrivit
1045 2063 1248 2098 volucrem.
1298 2052 1407 2100 Nam·
1610 2053 1613 2061 Ι

307 2123 524 2156 Carnificem
550 2123 649 2155 nudo
682 2131 837 2167 pectore
870 2124 987 2168 pascit
1011 2137 1128 2159 avem.
1184 2127 1287 2160 Idem
1319 2130 1496 2169 Martialis
1533 2134 1661 2180 Epigr.
1687 2137 1752 2180 XI,
1774 2140 1830 2175 85,

169 2185 209 2227 4)
239 2182 373 2217 Cicero
398 2184 507 2215 Taso.
534 2189 691 2228 quaestt.
716 2182 756 2224 ll,
784 2184 836 2219 10.
864 2185 890 2228 ξ.
908 2186 963 2219 23.

169 2249 207 2290 5)
235 2244 341 2279 Acris
373 2244 529 2288 Erinnys
554 2245 744 2279 interfecit
776 2257 844 2290 per
868 2254 1029 2281 mutuam
1062 2248 1212 2282 eaedem
1245 2250 1411 2285 sobolem
1442 2252 1656 2291 bellicosam
1683 2258 1828 2303 Oedipi.

214 2309 367 2359 Pindar.
399 2309 545 2355 Olymp.
571 2310 613 2343 ll.
638 2311 693 2345 74.
763 2310 804 2352 6)
831 2312 1000 2362 Aescliyl.
1035 2312 1073 2346 in
1104 2313 1255 2360 Septem
1286 2313 1416 2351 contra
1449 2319 1606 2356 Thebas.
