1982 2557
795 38 993 80 *—6

119 151 243 194 fonte
261 146 349 188 hoc
371 141 616 189 doctrinae,
636 136 823 184 artium,
851 128 1133 175 humanitatis
1145 159 1157 178 ,
1184 126 1319 168 discat
1339 139 1363 166 a
1380 133 1529 166 tenera
1547 119 1652 164 inde
1682 119 1835 172 aetite,⁸

122 221 250 260 nam²
261 218 301 267 ⁰)

341 281 489 336 Fingit
516 293 682 335 equum
710 286 858 317 tenera
885 272 1080 312 docilem
1108 270 1280 311 cervice
1310 269 1520 323 magister

350 359 419 400 Ire
450 356 592 403 viam,
623 365 756 408 quam
784 355 997 389 monstret
1026 359 1160 402 eques
1175 377 1187 395 ‚
1222 369 1276 377 —-
1305 369 1358 376 -

128 436 358 486 cognoscat
377 441 430 468 ex
448 427 502 467 iis
528 425 732 471 virtutes,
761 419 919 477 quibus
940 418 1077 461 homo
1098 428 1354 469 exornatur,
1382 431 1551 467 mores,
1579 417 1658 472 qui
1673 417 1840 469 vimu)

128 508 391 558 promovent
412 497 607 542 insitam,
635 498 812 547 pectora
831 487 1060 537 roborant,
1091 488 1251 543 quibus
1268 488 1428 540 feri22)
1457 489 1713 539 mitescunt,
1743 502 1844 530 suos

128 573 284 616 reddat
313 571 392 611 hos
430 580 601 613 mores,
646 562 868 611 eradat2³)
912 559 1129 613 cupidinis
1158 560 1282 612 pravi
1312 559 1551 600 elementa!
1593 558 1713 608 Quae
1741 568 1844 599 cum

129 645 190 684 ita
217 644 326 688 sint,
357 637 552 691 cognitio
578 634 696 674 vitae
724 630 928 686 publicae
959 636 1004 667 et
1034 627 1228 681 privatae
1257 636 1461 668 autorum
1486 628 1648 669 veteris
1673 642 1843 679 memo-

130 715 221 756 riae
260 710 505 751 celebrium
543 704 786 758 juventuti,
833 701 1066 760 ‚doctrinae
1106 701 1260 741 studiis
1302 701 1499 751 deditae,
1537 704 1638 743 usui
1674 712 1846 744 tantum

132 795 227 824 esse
254 787 421 835 potest,
461 790 564 816 cum
601 773 761 829 partim
791 769 1004 810 industria
1031 769 1216 808 illorum
1246 768 1422 821 doceat,
1450 773 1524 812 vel
1553 781 1733 813 naturae
1761 774 1844 814 im-

126 856 381 913 pedimenta
428 850 656 905 diligentia
697 844 965 902 superariw)
980 874 991 891 ‚
1040 844 1200 898 partim
1236 856 1492 898 perversum
1530 846 1605 894 sit,
1656 859 1847 901 quorum

133 929 301 983 scriptis
332 938 512 981 operam
529 928 717 968 navant,
756 929 910 957 eorum
940 926 1023 954 nec
1053 912 1170 951 vitae
1198 925 1267 952 res
1298 915 1590 965 gravissimas,
1621 929 1704 956 nec
1735 925 1845 957 tem-

136 1011 241 1054 pus,
273 993 452 1051 quando
480 990 736 1035 floruerint,
765 985 1030 1039 cognovisse.
1061 981 1269 1031 Quamvm
1295 982 1404 1031 vixi,
1432 982 1628 1024 doctrina
1654 993 1698 1024 et
1726 985 1847 1042 inge-

135 1067 212 1109 nio
242 1065 341 1105 satis
373 1062 535 1109 ornati,
565 1062 656 1110 jam
685 1055 1027 1097 conscribendae
1065 1060 1268 1092 autorum
1294 1053 1474 1093 notitiae
1502 1061 1735 1101 vacanmt‚
1765 1066 1848 1093 nos

137 1147 288 1182 tamen
325 1150 416 1177 non
454 1133 639 1181 fefellit,
686 1134 888 1182 juvenes,
920 1129 1151 1169 literarum
1178 1124 1393 1165 studiosos
1406 1155 1418 1173 ,
1458 1125 1562 1165 hm'c
1593 1124 1848 1178 disciplinae

137 1220 257 1255 eam,
295 1218 381 1259 qua
420 1203 551 1255 digna
589 1208 723 1248 esset,
774 1213 953 1254 operam
987 1198 1178 1238 minime
1218 1196 1396 1237 navare.
1470 1196 1613 1247 Quare
1653 1196 1850 1236 laborem

136 1278 298 1321 frustra
336 1273 570 1326 suscepisse
599 1283 692 1310 non
717 1277 941 1322 putamus,
978 1280 1085 1306 cum
1115 1280 1190 1314 ea,
1222 1280 1335 1320 quae
1360 1280 1467 1308 usus
1495 1269 1798 1309 classicorum²
1808 1269 1849 1317 ⁵)

308 1339 530 1356 —b-
564 1349 570 1356 ι

185 1380 249 1423 20)
272 1378 402 1411 Horat.
430 1361 627 1418 Epistt.'1‚
648 1374 692 1412 2ο
722 1370 778 1406 64.
828 1368 968 1402 Ibidem
992 1383 1047 1407 η,
1077 1372 1134 1407 69,

325 1441 438 1491 „Quo
464 1438 583 1471 semel
611 1443 669 1470 est
692 1435 831 1468 imbuta
854 1442 1012 1473 recens,
1036 1430 1204 1465 servabit
1226 1430 1382 1463 odorem

327 1503 440 1536 'resta
462 1500 567 1533 ‹liu“.

190 1568 252 1610 21)
276 1568 407 1599 Horat.
433 1563 549 1598 Odar.
575 1560 662 1593 libr.
691 1558 762 1599 W,
786 1558 820 1592 4.

189 1628 252 1671 22)
276 1627 378 1660 ldem
406 1624 522 1670 Epist.
549 1624 585 1664 1,
610 1626 653 1662 1,
679 1621 736 1657 39.

327 1688 444 1720 Nemo
474 1684 566 1717 adeo
589 1682 717 1721 serus,
742 1688 783 1713 ut
806 1689 881 1712 non
905 1678 1106 1714 mitescere
1130 1678 1267 1724 possit,

328 1745 370 1777 Si
397 1744 505 1776 modo
530 1743 699 1774 culturae
718 1739 919 1783 patientem
943 1741 1154 1774 commodet
1179 1750 1316 1774 aurem.
1367 1738 1425 1771 Cf.
1454 1738 1552 1772 Plin.
1580 1739 1703 1784 epistt.
1730 1739 1794 1783 IV,
1817 1739 1854 1777 4.

193 1805 257 1850 23)
283 1804 386 1838 Idem
414 1802 487 1838 od.
510 1801 665 1842 111‚v24.
713 1801 762 1832 Et
785 1798 822 1832 in
847 1806 927 1832 arte
947 1799 1094 1844 poetica
1114 1811 1172 1838 ys.
1199 1801 1269 1835 330
1290 1809 1370 1844 sqq.

331 1881 378 1891 --
401 1881 445 1888 —
468 1862 517 1894 At
540 1862 631 1893 haec
657 1860 799 1892 animus
823 1866 963 1904 aerugo
988 1867 1025 1892 et
1050 1870 1139 1892 cura
1162 1859 1287 1904 peculi

333 1922 456 1974 Quum
485 1919 601 1953 semel
626 1918 823 1960 imbuerit,
849 1929 1038 1965 speramus
1062 1917 1225 1952 carmina
1247 1916 1342 1963 fingi

330 1986 448 2018 Posse
474 1983 624 2017 linenda
648 1983 788 2024 cedro,
815 1990 853 2017 ct
878 1983 951 2017 levi
977 1981 1160 2017 servanda
1185 1979 1387 2025 cypresso?

193 2045 257 2088 24)
286 2044 420 2076 Cicero
455 2044 501 2076 de
535 2043 700 2077 Oratore
727 2044 761 2084 Ι,
796 2043 853 2079 61.
903 2043 1002 2096 Quid
1037 2047 1206 2094 exempla
1231 2046 1418 2088 efficiant,
1453 2056 1521 2081 not
1555 2045 1593 2080 in
1628 2045 1854 2093 ephemerid.

240 2109 367 2143 Germ.
395 2108 558 2143 univers.
586 2120 618 2143 a.
645 2110 743 2146 1822
774 2109 1020 2155 exposuimus.

196 2172 260 2214 25)
285 2170 451 2204 Plurima
469 2181 536 2203 nos
557 2171 755 2212 Ciceroni,
783 2182 803 2204 e
829 2172 932 2216 cujus
950 2172 1097 2218 scriptis
1117 2171 1323 2206 doctrinam
1339 2179 1514 2215 nostram,
1541 2171 1856 2219 qualemcunque,

208 2246 210 2248 ·
242 2232 308 2267 otii
335 2232 644 2273 oblectationem,
680 2233 851 2266 dolorum
875 2233 1093 2267 medicinam
1117 2232 1263 2278 (acadd.
1291 2239 1446 2278 quaestt.
1473 2233 1538 2268 lib.
1573 2234 1601 2267 1.
1630 2243 1662 2266 0.
1692 2236 1768 2278 13.)
1791 2245 1857 2280 pe-

244 2298 411 2341 tivimus,
438 2305 475 2332 et
502 2297 539 2331 in
565 2297 636 2332 hoc
662 2297 792 2332 libello
819 2298 1091 2336 conscribendo
1117 2297 1278 2341 dehere,
1308 2305 1411 2345 grata
1439 2305 1563 2333 mente
1587 2296 1818 2344 profitemur.
